%YAML 1.1
%TAG !u! tag:unity3d.com,2011:
--- !u!1 &2450176191168217406
GameObject:
  m_ObjectHideFlags: 0
  m_CorrespondingSourceObject: {fileID: 0}
  m_PrefabInstance: {fileID: 0}
  m_PrefabAsset: {fileID: 0}
  serializedVersion: 6
  m_Component:
  - component: {fileID: 2450176191168217407}
  - component: {fileID: 2450176191168217408}
  m_Layer: 0
  m_Name: Right
  m_TagString: Untagged
  m_Icon: {fileID: 0}
  m_NavMeshLayer: 0
  m_StaticEditorFlags: 0
  m_IsActive: 1
--- !u!224 &2450176191168217407
RectTransform:
  m_ObjectHideFlags: 0
  m_CorrespondingSourceObject: {fileID: 0}
  m_PrefabInstance: {fileID: 0}
  m_PrefabAsset: {fileID: 0}
  m_GameObject: {fileID: 2450176191168217406}
  m_LocalRotation: {x: -0, y: -0, z: -0, w: 1}
  m_LocalPosition: {x: 0, y: 0, z: 0}
  m_LocalScale: {x: -1, y: 1, z: 1}
  m_Children:
  - {fileID: 459140088523615696}
  - {fileID: 459140088526377134}
  - {fileID: 459140087214765182}
  - {fileID: 459140087767228630}
  m_Father: {fileID: 6816740319755480912}
  m_RootOrder: 2
  m_LocalEulerAnglesHint: {x: 0, y: 0, z: 0}
  m_AnchorMin: {x: 0.5, y: 0.5}
  m_AnchorMax: {x: 0.5, y: 0.5}
  m_AnchoredPosition: {x: 0, y: 0}
  m_SizeDelta: {x: 100, y: 100}
  m_Pivot: {x: 0.5, y: 0.5}
--- !u!114 &2450176191168217408
MonoBehaviour:
  m_ObjectHideFlags: 0
  m_CorrespondingSourceObject: {fileID: 0}
  m_PrefabInstance: {fileID: 0}
  m_PrefabAsset: {fileID: 0}
  m_GameObject: {fileID: 2450176191168217406}
  m_Enabled: 1
  m_EditorHideFlags: 0
  m_Script: {fileID: 11500000, guid: f12292b821e34a0488ae0a0e173ac03e, type: 3}
  m_Name: 
  m_EditorClassIdentifier: 
--- !u!1 &2450176192063277021
GameObject:
  m_ObjectHideFlags: 0
  m_CorrespondingSourceObject: {fileID: 0}
  m_PrefabInstance: {fileID: 0}
  m_PrefabAsset: {fileID: 0}
  serializedVersion: 6
  m_Component:
  - component: {fileID: 2450176192063277023}
  - component: {fileID: 2450176192063277022}
  m_Layer: 0
  m_Name: Left
  m_TagString: Untagged
  m_Icon: {fileID: 0}
  m_NavMeshLayer: 0
  m_StaticEditorFlags: 0
  m_IsActive: 1
--- !u!224 &2450176192063277023
RectTransform:
  m_ObjectHideFlags: 0
  m_CorrespondingSourceObject: {fileID: 0}
  m_PrefabInstance: {fileID: 0}
  m_PrefabAsset: {fileID: 0}
  m_GameObject: {fileID: 2450176192063277021}
  m_LocalRotation: {x: -0, y: -0, z: -0, w: 1}
  m_LocalPosition: {x: 0, y: 0, z: 0}
  m_LocalScale: {x: 1, y: 1, z: 1}
  m_Children:
  - {fileID: 7291190185724905385}
  - {fileID: 459140087858851397}
  - {fileID: 459140087267678113}
  - {fileID: 459140088603055941}
  m_Father: {fileID: 6816740319755480912}
  m_RootOrder: 1
  m_LocalEulerAnglesHint: {x: 0, y: 0, z: 0}
  m_AnchorMin: {x: 0.5, y: 0.5}
  m_AnchorMax: {x: 0.5, y: 0.5}
  m_AnchoredPosition: {x: 0, y: 0}
  m_SizeDelta: {x: 100, y: 100}
  m_Pivot: {x: 0.5, y: 0.5}
--- !u!114 &2450176192063277022
MonoBehaviour:
  m_ObjectHideFlags: 0
  m_CorrespondingSourceObject: {fileID: 0}
  m_PrefabInstance: {fileID: 0}
  m_PrefabAsset: {fileID: 0}
  m_GameObject: {fileID: 2450176192063277021}
  m_Enabled: 1
  m_EditorHideFlags: 0
  m_Script: {fileID: 11500000, guid: f12292b821e34a0488ae0a0e173ac03e, type: 3}
  m_Name: 
  m_EditorClassIdentifier: 
--- !u!1 &2450176192196125960
GameObject:
  m_ObjectHideFlags: 0
  m_CorrespondingSourceObject: {fileID: 0}
  m_PrefabInstance: {fileID: 0}
  m_PrefabAsset: {fileID: 0}
  serializedVersion: 6
  m_Component:
  - component: {fileID: 2450176192196125962}
  - component: {fileID: 2450176192196125961}
  m_Layer: 0
  m_Name: BG
  m_TagString: Untagged
  m_Icon: {fileID: 0}
  m_NavMeshLayer: 0
  m_StaticEditorFlags: 0
  m_IsActive: 0
--- !u!4 &2450176192196125962
Transform:
  m_ObjectHideFlags: 0
  m_CorrespondingSourceObject: {fileID: 0}
  m_PrefabInstance: {fileID: 0}
  m_PrefabAsset: {fileID: 0}
  m_GameObject: {fileID: 2450176192196125960}
  m_LocalRotation: {x: -0, y: -0, z: -0, w: 1}
  m_LocalPosition: {x: 0, y: 0.58, z: 0}
  m_LocalScale: {x: 0.66896707, y: 0.66896707, z: 0.66896707}
  m_Children: []
  m_Father: {fileID: 6816740319755480912}
  m_RootOrder: 0
  m_LocalEulerAnglesHint: {x: 0, y: 0, z: 0}
--- !u!212 &2450176192196125961
SpriteRenderer:
  m_ObjectHideFlags: 0
  m_CorrespondingSourceObject: {fileID: 0}
  m_PrefabInstance: {fileID: 0}
  m_PrefabAsset: {fileID: 0}
  m_GameObject: {fileID: 2450176192196125960}
  m_Enabled: 1
  m_CastShadows: 0
  m_ReceiveShadows: 0
  m_DynamicOccludee: 1
  m_MotionVectors: 1
  m_LightProbeUsage: 1
  m_ReflectionProbeUsage: 1
  m_RayTracingMode: 0
  m_RenderingLayerMask: 1
  m_RendererPriority: 0
  m_Materials:
  - {fileID: 10754, guid: 0000000000000000f000000000000000, type: 0}
  m_StaticBatchInfo:
    firstSubMesh: 0
    subMeshCount: 0
  m_StaticBatchRoot: {fileID: 0}
  m_ProbeAnchor: {fileID: 0}
  m_LightProbeVolumeOverride: {fileID: 0}
  m_ScaleInLightmap: 1
  m_ReceiveGI: 1
  m_PreserveUVs: 0
  m_IgnoreNormalsForChartDetection: 0
  m_ImportantGI: 0
  m_StitchLightmapSeams: 1
  m_SelectedEditorRenderState: 0
  m_MinimumChartSize: 4
  m_AutoUVMaxDistance: 0.5
  m_AutoUVMaxAngle: 89
  m_LightmapParameters: {fileID: 0}
  m_SortingLayerID: 0
  m_SortingLayer: 0
  m_SortingOrder: -1
  m_Sprite: {fileID: 21300000, guid: cf2a774f2d85d4c4bad01f672eae40b0, type: 3}
  m_Color: {r: 0.6132076, g: 0.6132076, b: 0.6132076, a: 1}
  m_FlipX: 0
  m_FlipY: 0
  m_DrawMode: 0
  m_Size: {x: 7.24, y: 7.25}
  m_AdaptiveModeThreshold: 0.5
  m_SpriteTileMode: 0
  m_WasSpriteAssigned: 1
  m_MaskInteraction: 0
  m_SpriteSortPoint: 0
--- !u!1 &2450176192463654911
GameObject:
  m_ObjectHideFlags: 0
  m_CorrespondingSourceObject: {fileID: 0}
  m_PrefabInstance: {fileID: 0}
  m_PrefabAsset: {fileID: 0}
  serializedVersion: 6
  m_Component:
  - component: {fileID: 2450176192463654657}
  - component: {fileID: 2450176192463654656}
  m_Layer: 0
  m_Name: WireManager
  m_TagString: Untagged
  m_Icon: {fileID: 0}
  m_NavMeshLayer: 0
  m_StaticEditorFlags: 0
  m_IsActive: 1
--- !u!4 &2450176192463654657
Transform:
  m_ObjectHideFlags: 0
  m_CorrespondingSourceObject: {fileID: 0}
  m_PrefabInstance: {fileID: 0}
  m_PrefabAsset: {fileID: 0}
  m_GameObject: {fileID: 2450176192463654911}
  m_LocalRotation: {x: -0, y: -0, z: -0, w: 1}
  m_LocalPosition: {x: 2.32748, y: 2.5974998, z: 0}
  m_LocalScale: {x: 1, y: 1, z: 1}
  m_Children: []
  m_Father: {fileID: 6816740319755480912}
  m_RootOrder: 3
  m_LocalEulerAnglesHint: {x: 0, y: 0, z: 0}
--- !u!114 &2450176192463654656
MonoBehaviour:
  m_ObjectHideFlags: 0
  m_CorrespondingSourceObject: {fileID: 0}
  m_PrefabInstance: {fileID: 0}
  m_PrefabAsset: {fileID: 0}
  m_GameObject: {fileID: 2450176192463654911}
  m_Enabled: 1
  m_EditorHideFlags: 0
  m_Script: {fileID: 11500000, guid: 26125b0417c41bf45844cdfa57bee735, type: 3}
  m_Name: 
  m_EditorClassIdentifier: 
  wireCount: 4
  winText: {fileID: 0}
  m_wires:
  - {fileID: 6871356477508837579}
  - {fileID: 4335635906225178919}
  - {fileID: 4335635905734226115}
  - {fileID: 4335635906533748775}
  m_wireExpeded:
  - {fileID: 1754263539361728766}
  - {fileID: 8874579223924580626}
  - {fileID: 8874579224382052598}
  - {fileID: 8874579223045625874}
--- !u!114 &2450176191888447145
MonoBehaviour:
  m_ObjectHideFlags: 0
  m_CorrespondingSourceObject: {fileID: 0}
  m_PrefabInstance: {fileID: 0}
  m_PrefabAsset: {fileID: 0}
  m_GameObject: {fileID: 4335635905782944540}
  m_Enabled: 1
  m_EditorHideFlags: 0
  m_Script: {fileID: 11500000, guid: 56d60f227d219124e963481d0a65f529, type: 3}
  m_Name: 
  m_EditorClassIdentifier: 
  light: {fileID: 6944295122509799060}
--- !u!114 &2450176191935036969
MonoBehaviour:
  m_ObjectHideFlags: 0
  m_CorrespondingSourceObject: {fileID: 0}
  m_PrefabInstance: {fileID: 0}
  m_PrefabAsset: {fileID: 0}
  m_GameObject: {fileID: 4335635906301855668}
  m_Enabled: 1
  m_EditorHideFlags: 0
  m_Script: {fileID: 11500000, guid: 56d60f227d219124e963481d0a65f529, type: 3}
  m_Name: 
  m_EditorClassIdentifier: 
  light: {fileID: 6944295123064621628}
--- !u!114 &2450176192063681045
MonoBehaviour:
  m_ObjectHideFlags: 0
  m_CorrespondingSourceObject: {fileID: 0}
  m_PrefabInstance: {fileID: 0}
  m_PrefabAsset: {fileID: 0}
  m_GameObject: {fileID: 4335635906621573810}
  m_Enabled: 1
  m_EditorHideFlags: 0
  m_Script: {fileID: 11500000, guid: 56d60f227d219124e963481d0a65f529, type: 3}
  m_Name: 
  m_EditorClassIdentifier: 
  light: {fileID: 6944295123281250106}
--- !u!114 &2450176191333588417
MonoBehaviour:
  m_ObjectHideFlags: 0
  m_CorrespondingSourceObject: {fileID: 0}
  m_PrefabInstance: {fileID: 0}
  m_PrefabAsset: {fileID: 0}
  m_GameObject: {fileID: 4335635906624845772}
  m_Enabled: 1
  m_EditorHideFlags: 0
  m_Script: {fileID: 11500000, guid: 56d60f227d219124e963481d0a65f529, type: 3}
  m_Name: 
  m_EditorClassIdentifier: 
  light: {fileID: 6944295123286948420}
--- !u!1 &4930152377929837979
GameObject:
  m_ObjectHideFlags: 0
  m_CorrespondingSourceObject: {fileID: 0}
  m_PrefabInstance: {fileID: 0}
  m_PrefabAsset: {fileID: 0}
  serializedVersion: 6
  m_Component:
  - component: {fileID: 6816740319755480912}
  m_Layer: 0
  m_Name: MIniGame-1
  m_TagString: Untagged
  m_Icon: {fileID: 0}
  m_NavMeshLayer: 0
  m_StaticEditorFlags: 0
  m_IsActive: 1
--- !u!4 &6816740319755480912
Transform:
  m_ObjectHideFlags: 0
  m_CorrespondingSourceObject: {fileID: 0}
  m_PrefabInstance: {fileID: 0}
  m_PrefabAsset: {fileID: 0}
  m_GameObject: {fileID: 4930152377929837979}
  m_LocalRotation: {x: 0, y: 0, z: 0, w: 1}
  m_LocalPosition: {x: 0, y: 0, z: 0}
  m_LocalScale: {x: 1, y: 1, z: 1}
  m_Children:
  - {fileID: 2450176192196125962}
  - {fileID: 2450176192063277023}
  - {fileID: 2450176191168217407}
  - {fileID: 2450176192463654657}
  m_Father: {fileID: 0}
  m_RootOrder: 0
  m_LocalEulerAnglesHint: {x: 0, y: 0, z: 0}
--- !u!1001 &2450176190724590782
PrefabInstance:
  m_ObjectHideFlags: 0
  serializedVersion: 2
  m_Modification:
    m_TransformParent: {fileID: 2450176191168217407}
    m_Modifications:
    - target: {fileID: 1482964256611491304, guid: a8d742e52818e4942896a3b727436949,
        type: 3}
      propertyPath: m_LocalPosition.x
      value: -0.05
      objectReference: {fileID: 0}
    - target: {fileID: 1826445638547894174, guid: a8d742e52818e4942896a3b727436949,
        type: 3}
      propertyPath: m_SortingOrder
      value: 3
      objectReference: {fileID: 0}
    - target: {fileID: 2621085334583228608, guid: a8d742e52818e4942896a3b727436949,
        type: 3}
      propertyPath: m_LocalPosition.x
      value: -2.87
      objectReference: {fileID: 0}
    - target: {fileID: 2621085334583228608, guid: a8d742e52818e4942896a3b727436949,
        type: 3}
      propertyPath: m_LocalPosition.y
      value: 0.37
      objectReference: {fileID: 0}
    - target: {fileID: 2621085334583228608, guid: a8d742e52818e4942896a3b727436949,
        type: 3}
      propertyPath: m_LocalPosition.z
      value: 0
      objectReference: {fileID: 0}
    - target: {fileID: 2621085334583228608, guid: a8d742e52818e4942896a3b727436949,
        type: 3}
      propertyPath: m_LocalRotation.x
      value: -0
      objectReference: {fileID: 0}
    - target: {fileID: 2621085334583228608, guid: a8d742e52818e4942896a3b727436949,
        type: 3}
      propertyPath: m_LocalRotation.y
      value: -0
      objectReference: {fileID: 0}
    - target: {fileID: 2621085334583228608, guid: a8d742e52818e4942896a3b727436949,
        type: 3}
      propertyPath: m_LocalRotation.z
      value: -0
      objectReference: {fileID: 0}
    - target: {fileID: 2621085334583228608, guid: a8d742e52818e4942896a3b727436949,
        type: 3}
      propertyPath: m_LocalRotation.w
      value: 1
      objectReference: {fileID: 0}
    - target: {fileID: 2621085334583228608, guid: a8d742e52818e4942896a3b727436949,
        type: 3}
      propertyPath: m_RootOrder
      value: 2
      objectReference: {fileID: 0}
    - target: {fileID: 2621085334583228608, guid: a8d742e52818e4942896a3b727436949,
        type: 3}
      propertyPath: m_LocalEulerAnglesHint.x
      value: 0
      objectReference: {fileID: 0}
    - target: {fileID: 2621085334583228608, guid: a8d742e52818e4942896a3b727436949,
        type: 3}
      propertyPath: m_LocalEulerAnglesHint.y
      value: 0
      objectReference: {fileID: 0}
    - target: {fileID: 2621085334583228608, guid: a8d742e52818e4942896a3b727436949,
        type: 3}
      propertyPath: m_LocalEulerAnglesHint.z
      value: 0
      objectReference: {fileID: 0}
    - target: {fileID: 4261876868894298743, guid: a8d742e52818e4942896a3b727436949,
        type: 3}
      propertyPath: camera
      value: 
      objectReference: {fileID: 0}
    - target: {fileID: 4261876868894298743, guid: a8d742e52818e4942896a3b727436949,
        type: 3}
      propertyPath: m_Enabled
      value: 0
      objectReference: {fileID: 0}
    - target: {fileID: 4647174205062078846, guid: a8d742e52818e4942896a3b727436949,
        type: 3}
      propertyPath: m_Name
      value: Wire Green
      objectReference: {fileID: 0}
    - target: {fileID: 4782772074629222954, guid: a8d742e52818e4942896a3b727436949,
        type: 3}
      propertyPath: m_IsActive
      value: 0
      objectReference: {fileID: 0}
    - target: {fileID: 5374588513705425056, guid: a8d742e52818e4942896a3b727436949,
        type: 3}
      propertyPath: m_SortingOrder
      value: 0
      objectReference: {fileID: 0}
    - target: {fileID: 6424403059613398935, guid: a8d742e52818e4942896a3b727436949,
        type: 3}
      propertyPath: m_SortingOrder
      value: 2
      objectReference: {fileID: 0}
    - target: {fileID: 6424403059613398935, guid: a8d742e52818e4942896a3b727436949,
        type: 3}
      propertyPath: m_Color.r
      value: 0
      objectReference: {fileID: 0}
    - target: {fileID: 6424403059613398935, guid: a8d742e52818e4942896a3b727436949,
        type: 3}
      propertyPath: m_Color.g
      value: 0.6313726
      objectReference: {fileID: 0}
    - target: {fileID: 6424403059613398935, guid: a8d742e52818e4942896a3b727436949,
        type: 3}
      propertyPath: m_Color.b
      value: 0.10980392
      objectReference: {fileID: 0}
    - target: {fileID: 6919213802626044289, guid: a8d742e52818e4942896a3b727436949,
        type: 3}
      propertyPath: m_LocalPosition.x
      value: -0.13
      objectReference: {fileID: 0}
    - target: {fileID: 7376790810525578876, guid: a8d742e52818e4942896a3b727436949,
        type: 3}
      propertyPath: m_SortingOrder
      value: 1
      objectReference: {fileID: 0}
    - target: {fileID: 7376790810525578876, guid: a8d742e52818e4942896a3b727436949,
        type: 3}
      propertyPath: m_Color.r
      value: 0
      objectReference: {fileID: 0}
    - target: {fileID: 7376790810525578876, guid: a8d742e52818e4942896a3b727436949,
        type: 3}
      propertyPath: m_Color.g
      value: 0.6313726
      objectReference: {fileID: 0}
    - target: {fileID: 7376790810525578876, guid: a8d742e52818e4942896a3b727436949,
        type: 3}
      propertyPath: m_Color.b
      value: 0.10980392
      objectReference: {fileID: 0}
    m_RemovedComponents:
    - {fileID: 4261876868894298743, guid: a8d742e52818e4942896a3b727436949, type: 3}
  m_SourcePrefab: {fileID: 100100000, guid: a8d742e52818e4942896a3b727436949, type: 3}
--- !u!1 &4335635905782944540 stripped
GameObject:
  m_CorrespondingSourceObject: {fileID: 2173975973100085154, guid: a8d742e52818e4942896a3b727436949,
    type: 3}
  m_PrefabInstance: {fileID: 2450176190724590782}
  m_PrefabAsset: {fileID: 0}
--- !u!1 &6944295122509799060 stripped
GameObject:
  m_CorrespondingSourceObject: {fileID: 4782772074629222954, guid: a8d742e52818e4942896a3b727436949,
    type: 3}
  m_PrefabInstance: {fileID: 2450176190724590782}
  m_PrefabAsset: {fileID: 0}
--- !u!4 &459140087214765182 stripped
Transform:
  m_CorrespondingSourceObject: {fileID: 2621085334583228608, guid: a8d742e52818e4942896a3b727436949,
    type: 3}
  m_PrefabInstance: {fileID: 2450176190724590782}
  m_PrefabAsset: {fileID: 0}
--- !u!1001 &2450176190744031073
PrefabInstance:
  m_ObjectHideFlags: 0
  serializedVersion: 2
  m_Modification:
    m_TransformParent: {fileID: 2450176192063277023}
    m_Modifications:
    - target: {fileID: 1826445638547894174, guid: a8d742e52818e4942896a3b727436949,
        type: 3}
      propertyPath: m_SortingOrder
      value: 3
      objectReference: {fileID: 0}
    - target: {fileID: 2621085334583228608, guid: a8d742e52818e4942896a3b727436949,
        type: 3}
      propertyPath: m_LocalPosition.x
      value: -2.82
      objectReference: {fileID: 0}
    - target: {fileID: 2621085334583228608, guid: a8d742e52818e4942896a3b727436949,
        type: 3}
      propertyPath: m_LocalPosition.y
      value: 0.36
      objectReference: {fileID: 0}
    - target: {fileID: 2621085334583228608, guid: a8d742e52818e4942896a3b727436949,
        type: 3}
      propertyPath: m_LocalPosition.z
      value: 0
      objectReference: {fileID: 0}
    - target: {fileID: 2621085334583228608, guid: a8d742e52818e4942896a3b727436949,
        type: 3}
      propertyPath: m_LocalRotation.x
      value: -0
      objectReference: {fileID: 0}
    - target: {fileID: 2621085334583228608, guid: a8d742e52818e4942896a3b727436949,
        type: 3}
      propertyPath: m_LocalRotation.y
      value: -0
      objectReference: {fileID: 0}
    - target: {fileID: 2621085334583228608, guid: a8d742e52818e4942896a3b727436949,
        type: 3}
      propertyPath: m_LocalRotation.z
      value: -0
      objectReference: {fileID: 0}
    - target: {fileID: 2621085334583228608, guid: a8d742e52818e4942896a3b727436949,
        type: 3}
      propertyPath: m_LocalRotation.w
      value: 1
      objectReference: {fileID: 0}
    - target: {fileID: 2621085334583228608, guid: a8d742e52818e4942896a3b727436949,
        type: 3}
      propertyPath: m_RootOrder
      value: 2
      objectReference: {fileID: 0}
    - target: {fileID: 2621085334583228608, guid: a8d742e52818e4942896a3b727436949,
        type: 3}
      propertyPath: m_LocalEulerAnglesHint.x
      value: 0
      objectReference: {fileID: 0}
    - target: {fileID: 2621085334583228608, guid: a8d742e52818e4942896a3b727436949,
        type: 3}
      propertyPath: m_LocalEulerAnglesHint.y
      value: 0
      objectReference: {fileID: 0}
    - target: {fileID: 2621085334583228608, guid: a8d742e52818e4942896a3b727436949,
        type: 3}
      propertyPath: m_LocalEulerAnglesHint.z
      value: 0
      objectReference: {fileID: 0}
    - target: {fileID: 4261876868894298743, guid: a8d742e52818e4942896a3b727436949,
        type: 3}
      propertyPath: camera
      value: 
      objectReference: {fileID: 0}
    - target: {fileID: 4647174205062078846, guid: a8d742e52818e4942896a3b727436949,
        type: 3}
      propertyPath: m_Name
      value: Wire Green
      objectReference: {fileID: 0}
    - target: {fileID: 6424403059613398935, guid: a8d742e52818e4942896a3b727436949,
        type: 3}
      propertyPath: m_SortingOrder
      value: 2
      objectReference: {fileID: 0}
    - target: {fileID: 6424403059613398935, guid: a8d742e52818e4942896a3b727436949,
        type: 3}
      propertyPath: m_Color.r
      value: 0
      objectReference: {fileID: 0}
    - target: {fileID: 6424403059613398935, guid: a8d742e52818e4942896a3b727436949,
        type: 3}
      propertyPath: m_Color.g
      value: 0.6320754
      objectReference: {fileID: 0}
    - target: {fileID: 6424403059613398935, guid: a8d742e52818e4942896a3b727436949,
        type: 3}
      propertyPath: m_Color.b
      value: 0.11154268
      objectReference: {fileID: 0}
    - target: {fileID: 7376790810525578876, guid: a8d742e52818e4942896a3b727436949,
        type: 3}
      propertyPath: m_SortingOrder
      value: 1
      objectReference: {fileID: 0}
    - target: {fileID: 7376790810525578876, guid: a8d742e52818e4942896a3b727436949,
        type: 3}
      propertyPath: m_Color.r
      value: 0
      objectReference: {fileID: 0}
    - target: {fileID: 7376790810525578876, guid: a8d742e52818e4942896a3b727436949,
        type: 3}
      propertyPath: m_Color.g
      value: 0.6320754
      objectReference: {fileID: 0}
    - target: {fileID: 7376790810525578876, guid: a8d742e52818e4942896a3b727436949,
        type: 3}
      propertyPath: m_Color.b
      value: 0.11154268
      objectReference: {fileID: 0}
    m_RemovedComponents: []
  m_SourcePrefab: {fileID: 100100000, guid: a8d742e52818e4942896a3b727436949, type: 3}
--- !u!4 &459140087267678113 stripped
Transform:
  m_CorrespondingSourceObject: {fileID: 2621085334583228608, guid: a8d742e52818e4942896a3b727436949,
    type: 3}
  m_PrefabInstance: {fileID: 2450176190744031073}
  m_PrefabAsset: {fileID: 0}
--- !u!1 &4335635905734226115 stripped
GameObject:
  m_CorrespondingSourceObject: {fileID: 2173975973100085154, guid: a8d742e52818e4942896a3b727436949,
    type: 3}
  m_PrefabInstance: {fileID: 2450176190744031073}
  m_PrefabAsset: {fileID: 0}
--- !u!212 &8874579224382052598 stripped
SpriteRenderer:
  m_CorrespondingSourceObject: {fileID: 6424403059613398935, guid: a8d742e52818e4942896a3b727436949,
    type: 3}
  m_PrefabInstance: {fileID: 2450176190744031073}
  m_PrefabAsset: {fileID: 0}
--- !u!1001 &2450176191226074757
PrefabInstance:
  m_ObjectHideFlags: 0
  serializedVersion: 2
  m_Modification:
    m_TransformParent: {fileID: 2450176192063277023}
    m_Modifications:
    - target: {fileID: 1826445638547894174, guid: a8d742e52818e4942896a3b727436949,
        type: 3}
      propertyPath: m_SortingOrder
      value: 3
      objectReference: {fileID: 0}
    - target: {fileID: 2621085334583228608, guid: a8d742e52818e4942896a3b727436949,
        type: 3}
      propertyPath: m_LocalPosition.x
      value: -2.82
      objectReference: {fileID: 0}
    - target: {fileID: 2621085334583228608, guid: a8d742e52818e4942896a3b727436949,
        type: 3}
      propertyPath: m_LocalPosition.y
      value: 1.4
      objectReference: {fileID: 0}
    - target: {fileID: 2621085334583228608, guid: a8d742e52818e4942896a3b727436949,
        type: 3}
      propertyPath: m_LocalPosition.z
      value: 0
      objectReference: {fileID: 0}
    - target: {fileID: 2621085334583228608, guid: a8d742e52818e4942896a3b727436949,
        type: 3}
      propertyPath: m_LocalRotation.x
      value: -0
      objectReference: {fileID: 0}
    - target: {fileID: 2621085334583228608, guid: a8d742e52818e4942896a3b727436949,
        type: 3}
      propertyPath: m_LocalRotation.y
      value: -0
      objectReference: {fileID: 0}
    - target: {fileID: 2621085334583228608, guid: a8d742e52818e4942896a3b727436949,
        type: 3}
      propertyPath: m_LocalRotation.z
      value: -0
      objectReference: {fileID: 0}
    - target: {fileID: 2621085334583228608, guid: a8d742e52818e4942896a3b727436949,
        type: 3}
      propertyPath: m_LocalRotation.w
      value: 1
      objectReference: {fileID: 0}
    - target: {fileID: 2621085334583228608, guid: a8d742e52818e4942896a3b727436949,
        type: 3}
      propertyPath: m_RootOrder
      value: 1
      objectReference: {fileID: 0}
    - target: {fileID: 2621085334583228608, guid: a8d742e52818e4942896a3b727436949,
        type: 3}
      propertyPath: m_LocalEulerAnglesHint.x
      value: 0
      objectReference: {fileID: 0}
    - target: {fileID: 2621085334583228608, guid: a8d742e52818e4942896a3b727436949,
        type: 3}
      propertyPath: m_LocalEulerAnglesHint.y
      value: 0
      objectReference: {fileID: 0}
    - target: {fileID: 2621085334583228608, guid: a8d742e52818e4942896a3b727436949,
        type: 3}
      propertyPath: m_LocalEulerAnglesHint.z
      value: 0
      objectReference: {fileID: 0}
    - target: {fileID: 4261876868894298743, guid: a8d742e52818e4942896a3b727436949,
        type: 3}
      propertyPath: camera
      value: 
      objectReference: {fileID: 0}
    - target: {fileID: 4647174205062078846, guid: a8d742e52818e4942896a3b727436949,
        type: 3}
      propertyPath: m_Name
      value: Wire Yellow
      objectReference: {fileID: 0}
    - target: {fileID: 6424403059613398935, guid: a8d742e52818e4942896a3b727436949,
        type: 3}
      propertyPath: m_SortingOrder
      value: 2
      objectReference: {fileID: 0}
    - target: {fileID: 6424403059613398935, guid: a8d742e52818e4942896a3b727436949,
        type: 3}
      propertyPath: m_Color.r
      value: 0.8
      objectReference: {fileID: 0}
    - target: {fileID: 6424403059613398935, guid: a8d742e52818e4942896a3b727436949,
        type: 3}
      propertyPath: m_Color.g
      value: 0.74509805
      objectReference: {fileID: 0}
    - target: {fileID: 6424403059613398935, guid: a8d742e52818e4942896a3b727436949,
        type: 3}
      propertyPath: m_Color.b
      value: 0
      objectReference: {fileID: 0}
    - target: {fileID: 7376790810525578876, guid: a8d742e52818e4942896a3b727436949,
        type: 3}
      propertyPath: m_SortingOrder
      value: 1
      objectReference: {fileID: 0}
    - target: {fileID: 7376790810525578876, guid: a8d742e52818e4942896a3b727436949,
        type: 3}
      propertyPath: m_Color.r
      value: 0.8018868
      objectReference: {fileID: 0}
    - target: {fileID: 7376790810525578876, guid: a8d742e52818e4942896a3b727436949,
        type: 3}
      propertyPath: m_Color.g
      value: 0.74601763
      objectReference: {fileID: 0}
    - target: {fileID: 7376790810525578876, guid: a8d742e52818e4942896a3b727436949,
        type: 3}
      propertyPath: m_Color.b
      value: 0
      objectReference: {fileID: 0}
    m_RemovedComponents: []
  m_SourcePrefab: {fileID: 100100000, guid: a8d742e52818e4942896a3b727436949, type: 3}
--- !u!4 &459140087858851397 stripped
Transform:
  m_CorrespondingSourceObject: {fileID: 2621085334583228608, guid: a8d742e52818e4942896a3b727436949,
    type: 3}
  m_PrefabInstance: {fileID: 2450176191226074757}
  m_PrefabAsset: {fileID: 0}
--- !u!1 &4335635906225178919 stripped
GameObject:
  m_CorrespondingSourceObject: {fileID: 2173975973100085154, guid: a8d742e52818e4942896a3b727436949,
    type: 3}
  m_PrefabInstance: {fileID: 2450176191226074757}
  m_PrefabAsset: {fileID: 0}
--- !u!212 &8874579223924580626 stripped
SpriteRenderer:
  m_CorrespondingSourceObject: {fileID: 6424403059613398935, guid: a8d742e52818e4942896a3b727436949,
    type: 3}
  m_PrefabInstance: {fileID: 2450176191226074757}
  m_PrefabAsset: {fileID: 0}
--- !u!1001 &2450176191245604886
PrefabInstance:
  m_ObjectHideFlags: 0
  serializedVersion: 2
  m_Modification:
    m_TransformParent: {fileID: 2450176191168217407}
    m_Modifications:
    - target: {fileID: 1482964256611491304, guid: a8d742e52818e4942896a3b727436949,
        type: 3}
      propertyPath: m_LocalPosition.x
      value: 0.04
      objectReference: {fileID: 0}
    - target: {fileID: 1826445638547894174, guid: a8d742e52818e4942896a3b727436949,
        type: 3}
      propertyPath: m_SortingOrder
      value: 3
      objectReference: {fileID: 0}
    - target: {fileID: 2621085334583228608, guid: a8d742e52818e4942896a3b727436949,
        type: 3}
      propertyPath: m_LocalPosition.x
      value: -2.87
      objectReference: {fileID: 0}
    - target: {fileID: 2621085334583228608, guid: a8d742e52818e4942896a3b727436949,
        type: 3}
      propertyPath: m_LocalPosition.y
      value: -0.69
      objectReference: {fileID: 0}
    - target: {fileID: 2621085334583228608, guid: a8d742e52818e4942896a3b727436949,
        type: 3}
      propertyPath: m_LocalPosition.z
      value: 0
      objectReference: {fileID: 0}
    - target: {fileID: 2621085334583228608, guid: a8d742e52818e4942896a3b727436949,
        type: 3}
      propertyPath: m_LocalRotation.x
      value: -0
      objectReference: {fileID: 0}
    - target: {fileID: 2621085334583228608, guid: a8d742e52818e4942896a3b727436949,
        type: 3}
      propertyPath: m_LocalRotation.y
      value: -0
      objectReference: {fileID: 0}
    - target: {fileID: 2621085334583228608, guid: a8d742e52818e4942896a3b727436949,
        type: 3}
      propertyPath: m_LocalRotation.z
      value: -0
      objectReference: {fileID: 0}
    - target: {fileID: 2621085334583228608, guid: a8d742e52818e4942896a3b727436949,
        type: 3}
      propertyPath: m_LocalRotation.w
      value: 1
      objectReference: {fileID: 0}
    - target: {fileID: 2621085334583228608, guid: a8d742e52818e4942896a3b727436949,
        type: 3}
      propertyPath: m_RootOrder
      value: 3
      objectReference: {fileID: 0}
    - target: {fileID: 2621085334583228608, guid: a8d742e52818e4942896a3b727436949,
        type: 3}
      propertyPath: m_LocalEulerAnglesHint.x
      value: 0
      objectReference: {fileID: 0}
    - target: {fileID: 2621085334583228608, guid: a8d742e52818e4942896a3b727436949,
        type: 3}
      propertyPath: m_LocalEulerAnglesHint.y
      value: 0
      objectReference: {fileID: 0}
    - target: {fileID: 2621085334583228608, guid: a8d742e52818e4942896a3b727436949,
        type: 3}
      propertyPath: m_LocalEulerAnglesHint.z
      value: 0
      objectReference: {fileID: 0}
    - target: {fileID: 4261876868894298743, guid: a8d742e52818e4942896a3b727436949,
        type: 3}
      propertyPath: camera
      value: 
      objectReference: {fileID: 0}
    - target: {fileID: 4261876868894298743, guid: a8d742e52818e4942896a3b727436949,
        type: 3}
      propertyPath: m_Enabled
      value: 0
      objectReference: {fileID: 0}
    - target: {fileID: 4647174205062078846, guid: a8d742e52818e4942896a3b727436949,
        type: 3}
      propertyPath: m_Name
      value: Wire Blue
      objectReference: {fileID: 0}
    - target: {fileID: 4782772074629222954, guid: a8d742e52818e4942896a3b727436949,
        type: 3}
      propertyPath: m_IsActive
      value: 0
      objectReference: {fileID: 0}
    - target: {fileID: 5374588513705425056, guid: a8d742e52818e4942896a3b727436949,
        type: 3}
      propertyPath: m_SortingOrder
      value: 0
      objectReference: {fileID: 0}
    - target: {fileID: 6424403059613398935, guid: a8d742e52818e4942896a3b727436949,
        type: 3}
      propertyPath: m_SortingOrder
      value: 2
      objectReference: {fileID: 0}
    - target: {fileID: 6424403059613398935, guid: a8d742e52818e4942896a3b727436949,
        type: 3}
      propertyPath: m_Color.r
      value: 0
      objectReference: {fileID: 0}
    - target: {fileID: 6424403059613398935, guid: a8d742e52818e4942896a3b727436949,
        type: 3}
      propertyPath: m_Color.g
      value: 0.03137255
      objectReference: {fileID: 0}
    - target: {fileID: 6424403059613398935, guid: a8d742e52818e4942896a3b727436949,
        type: 3}
      propertyPath: m_Color.b
      value: 0.6901961
      objectReference: {fileID: 0}
    - target: {fileID: 6919213802626044289, guid: a8d742e52818e4942896a3b727436949,
        type: 3}
      propertyPath: m_LocalPosition.x
      value: -0.03
      objectReference: {fileID: 0}
    - target: {fileID: 7376790810525578876, guid: a8d742e52818e4942896a3b727436949,
        type: 3}
      propertyPath: m_SortingOrder
      value: 1
      objectReference: {fileID: 0}
    - target: {fileID: 7376790810525578876, guid: a8d742e52818e4942896a3b727436949,
        type: 3}
      propertyPath: m_Color.r
      value: 0
      objectReference: {fileID: 0}
    - target: {fileID: 7376790810525578876, guid: a8d742e52818e4942896a3b727436949,
        type: 3}
      propertyPath: m_Color.g
      value: 0.03137255
      objectReference: {fileID: 0}
    - target: {fileID: 7376790810525578876, guid: a8d742e52818e4942896a3b727436949,
        type: 3}
      propertyPath: m_Color.b
      value: 0.6901961
      objectReference: {fileID: 0}
    m_RemovedComponents:
    - {fileID: 4261876868894298743, guid: a8d742e52818e4942896a3b727436949, type: 3}
  m_SourcePrefab: {fileID: 100100000, guid: a8d742e52818e4942896a3b727436949, type: 3}
--- !u!4 &459140087767228630 stripped
Transform:
  m_CorrespondingSourceObject: {fileID: 2621085334583228608, guid: a8d742e52818e4942896a3b727436949,
    type: 3}
  m_PrefabInstance: {fileID: 2450176191245604886}
  m_PrefabAsset: {fileID: 0}
--- !u!1 &6944295123064621628 stripped
GameObject:
  m_CorrespondingSourceObject: {fileID: 4782772074629222954, guid: a8d742e52818e4942896a3b727436949,
    type: 3}
  m_PrefabInstance: {fileID: 2450176191245604886}
  m_PrefabAsset: {fileID: 0}
--- !u!1 &4335635906301855668 stripped
GameObject:
  m_CorrespondingSourceObject: {fileID: 2173975973100085154, guid: a8d742e52818e4942896a3b727436949,
    type: 3}
  m_PrefabInstance: {fileID: 2450176191245604886}
  m_PrefabAsset: {fileID: 0}
--- !u!1001 &2450176191895709806
PrefabInstance:
  m_ObjectHideFlags: 0
  serializedVersion: 2
  m_Modification:
    m_TransformParent: {fileID: 2450176191168217407}
    m_Modifications:
    - target: {fileID: 1482964256611491304, guid: a8d742e52818e4942896a3b727436949,
        type: 3}
      propertyPath: m_LocalPosition.x
      value: -0.03
      objectReference: {fileID: 0}
    - target: {fileID: 1826445638547894174, guid: a8d742e52818e4942896a3b727436949,
        type: 3}
      propertyPath: m_SortingOrder
      value: 3
      objectReference: {fileID: 0}
    - target: {fileID: 2621085334583228608, guid: a8d742e52818e4942896a3b727436949,
        type: 3}
      propertyPath: m_LocalPosition.x
      value: -2.87
      objectReference: {fileID: 0}
    - target: {fileID: 2621085334583228608, guid: a8d742e52818e4942896a3b727436949,
        type: 3}
      propertyPath: m_LocalPosition.y
      value: 1.4
      objectReference: {fileID: 0}
    - target: {fileID: 2621085334583228608, guid: a8d742e52818e4942896a3b727436949,
        type: 3}
      propertyPath: m_LocalPosition.z
      value: 0
      objectReference: {fileID: 0}
    - target: {fileID: 2621085334583228608, guid: a8d742e52818e4942896a3b727436949,
        type: 3}
      propertyPath: m_LocalRotation.x
      value: -0
      objectReference: {fileID: 0}
    - target: {fileID: 2621085334583228608, guid: a8d742e52818e4942896a3b727436949,
        type: 3}
      propertyPath: m_LocalRotation.y
      value: -0
      objectReference: {fileID: 0}
    - target: {fileID: 2621085334583228608, guid: a8d742e52818e4942896a3b727436949,
        type: 3}
      propertyPath: m_LocalRotation.z
      value: -0
      objectReference: {fileID: 0}
    - target: {fileID: 2621085334583228608, guid: a8d742e52818e4942896a3b727436949,
        type: 3}
      propertyPath: m_LocalRotation.w
      value: 1
      objectReference: {fileID: 0}
    - target: {fileID: 2621085334583228608, guid: a8d742e52818e4942896a3b727436949,
        type: 3}
      propertyPath: m_RootOrder
      value: 1
      objectReference: {fileID: 0}
    - target: {fileID: 2621085334583228608, guid: a8d742e52818e4942896a3b727436949,
        type: 3}
      propertyPath: m_LocalEulerAnglesHint.x
      value: 0
      objectReference: {fileID: 0}
    - target: {fileID: 2621085334583228608, guid: a8d742e52818e4942896a3b727436949,
        type: 3}
      propertyPath: m_LocalEulerAnglesHint.y
      value: 0
      objectReference: {fileID: 0}
    - target: {fileID: 2621085334583228608, guid: a8d742e52818e4942896a3b727436949,
        type: 3}
      propertyPath: m_LocalEulerAnglesHint.z
      value: 0
      objectReference: {fileID: 0}
    - target: {fileID: 4261876868894298743, guid: a8d742e52818e4942896a3b727436949,
        type: 3}
      propertyPath: camera
      value: 
      objectReference: {fileID: 0}
    - target: {fileID: 4261876868894298743, guid: a8d742e52818e4942896a3b727436949,
        type: 3}
      propertyPath: m_Enabled
      value: 0
      objectReference: {fileID: 0}
    - target: {fileID: 4647174205062078846, guid: a8d742e52818e4942896a3b727436949,
        type: 3}
      propertyPath: m_Name
      value: Wire Yellow
      objectReference: {fileID: 0}
    - target: {fileID: 4782772074629222954, guid: a8d742e52818e4942896a3b727436949,
        type: 3}
      propertyPath: m_IsActive
      value: 0
      objectReference: {fileID: 0}
    - target: {fileID: 5374588513705425056, guid: a8d742e52818e4942896a3b727436949,
        type: 3}
      propertyPath: m_SortingOrder
      value: 0
      objectReference: {fileID: 0}
    - target: {fileID: 6424403059613398935, guid: a8d742e52818e4942896a3b727436949,
        type: 3}
      propertyPath: m_SortingOrder
      value: 2
      objectReference: {fileID: 0}
    - target: {fileID: 6424403059613398935, guid: a8d742e52818e4942896a3b727436949,
        type: 3}
      propertyPath: m_Color.r
      value: 0.8
      objectReference: {fileID: 0}
    - target: {fileID: 6424403059613398935, guid: a8d742e52818e4942896a3b727436949,
        type: 3}
      propertyPath: m_Color.g
      value: 0.74509805
      objectReference: {fileID: 0}
    - target: {fileID: 6424403059613398935, guid: a8d742e52818e4942896a3b727436949,
        type: 3}
      propertyPath: m_Color.b
      value: 0
      objectReference: {fileID: 0}
    - target: {fileID: 6919213802626044289, guid: a8d742e52818e4942896a3b727436949,
        type: 3}
      propertyPath: m_LocalPosition.x
      value: -0.12
      objectReference: {fileID: 0}
    - target: {fileID: 7376790810525578876, guid: a8d742e52818e4942896a3b727436949,
        type: 3}
      propertyPath: m_SortingOrder
      value: 1
      objectReference: {fileID: 0}
    - target: {fileID: 7376790810525578876, guid: a8d742e52818e4942896a3b727436949,
        type: 3}
      propertyPath: m_Color.r
      value: 0.8
      objectReference: {fileID: 0}
    - target: {fileID: 7376790810525578876, guid: a8d742e52818e4942896a3b727436949,
        type: 3}
      propertyPath: m_Color.g
      value: 0.74509805
      objectReference: {fileID: 0}
    - target: {fileID: 7376790810525578876, guid: a8d742e52818e4942896a3b727436949,
        type: 3}
      propertyPath: m_Color.b
      value: 0
      objectReference: {fileID: 0}
    m_RemovedComponents:
    - {fileID: 4261876868894298743, guid: a8d742e52818e4942896a3b727436949, type: 3}
  m_SourcePrefab: {fileID: 100100000, guid: a8d742e52818e4942896a3b727436949, type: 3}
--- !u!4 &459140088526377134 stripped
Transform:
  m_CorrespondingSourceObject: {fileID: 2621085334583228608, guid: a8d742e52818e4942896a3b727436949,
    type: 3}
  m_PrefabInstance: {fileID: 2450176191895709806}
  m_PrefabAsset: {fileID: 0}
--- !u!1 &6944295123286948420 stripped
GameObject:
  m_CorrespondingSourceObject: {fileID: 4782772074629222954, guid: a8d742e52818e4942896a3b727436949,
    type: 3}
  m_PrefabInstance: {fileID: 2450176191895709806}
  m_PrefabAsset: {fileID: 0}
--- !u!1 &4335635906624845772 stripped
GameObject:
  m_CorrespondingSourceObject: {fileID: 2173975973100085154, guid: a8d742e52818e4942896a3b727436949,
    type: 3}
  m_PrefabInstance: {fileID: 2450176191895709806}
  m_PrefabAsset: {fileID: 0}
--- !u!1001 &2450176191899292944
PrefabInstance:
  m_ObjectHideFlags: 0
  serializedVersion: 2
  m_Modification:
    m_TransformParent: {fileID: 2450176191168217407}
    m_Modifications:
    - target: {fileID: 1482964256611491304, guid: a8d742e52818e4942896a3b727436949,
        type: 3}
      propertyPath: m_LocalPosition.x
      value: -0.024
      objectReference: {fileID: 0}
    - target: {fileID: 1826445638547894174, guid: a8d742e52818e4942896a3b727436949,
        type: 3}
      propertyPath: m_SortingOrder
      value: 3
      objectReference: {fileID: 0}
    - target: {fileID: 2621085334583228608, guid: a8d742e52818e4942896a3b727436949,
        type: 3}
      propertyPath: m_LocalPosition.x
      value: -2.87
      objectReference: {fileID: 0}
    - target: {fileID: 2621085334583228608, guid: a8d742e52818e4942896a3b727436949,
        type: 3}
      propertyPath: m_LocalPosition.y
      value: 2.471
      objectReference: {fileID: 0}
    - target: {fileID: 2621085334583228608, guid: a8d742e52818e4942896a3b727436949,
        type: 3}
      propertyPath: m_LocalPosition.z
      value: 0
      objectReference: {fileID: 0}
    - target: {fileID: 2621085334583228608, guid: a8d742e52818e4942896a3b727436949,
        type: 3}
      propertyPath: m_LocalRotation.x
      value: -0
      objectReference: {fileID: 0}
    - target: {fileID: 2621085334583228608, guid: a8d742e52818e4942896a3b727436949,
        type: 3}
      propertyPath: m_LocalRotation.y
      value: -0
      objectReference: {fileID: 0}
    - target: {fileID: 2621085334583228608, guid: a8d742e52818e4942896a3b727436949,
        type: 3}
      propertyPath: m_LocalRotation.z
      value: -0
      objectReference: {fileID: 0}
    - target: {fileID: 2621085334583228608, guid: a8d742e52818e4942896a3b727436949,
        type: 3}
      propertyPath: m_LocalRotation.w
      value: 1
      objectReference: {fileID: 0}
    - target: {fileID: 2621085334583228608, guid: a8d742e52818e4942896a3b727436949,
        type: 3}
      propertyPath: m_RootOrder
      value: 0
      objectReference: {fileID: 0}
    - target: {fileID: 2621085334583228608, guid: a8d742e52818e4942896a3b727436949,
        type: 3}
      propertyPath: m_LocalEulerAnglesHint.x
      value: 0
      objectReference: {fileID: 0}
    - target: {fileID: 2621085334583228608, guid: a8d742e52818e4942896a3b727436949,
        type: 3}
      propertyPath: m_LocalEulerAnglesHint.y
      value: 0
      objectReference: {fileID: 0}
    - target: {fileID: 2621085334583228608, guid: a8d742e52818e4942896a3b727436949,
        type: 3}
      propertyPath: m_LocalEulerAnglesHint.z
      value: 0
      objectReference: {fileID: 0}
    - target: {fileID: 3572351756203713313, guid: a8d742e52818e4942896a3b727436949,
        type: 3}
      propertyPath: m_IsTrigger
      value: 0
      objectReference: {fileID: 0}
    - target: {fileID: 3572351756203713313, guid: a8d742e52818e4942896a3b727436949,
        type: 3}
      propertyPath: m_Offset.x
      value: -0.026315331
      objectReference: {fileID: 0}
    - target: {fileID: 3572351756203713313, guid: a8d742e52818e4942896a3b727436949,
        type: 3}
      propertyPath: m_Size.x
      value: 0.56627965
      objectReference: {fileID: 0}
    - target: {fileID: 4261876868894298743, guid: a8d742e52818e4942896a3b727436949,
        type: 3}
      propertyPath: camera
      value: 
      objectReference: {fileID: 0}
    - target: {fileID: 4261876868894298743, guid: a8d742e52818e4942896a3b727436949,
        type: 3}
      propertyPath: m_Enabled
      value: 0
      objectReference: {fileID: 0}
    - target: {fileID: 4647174205062078846, guid: a8d742e52818e4942896a3b727436949,
        type: 3}
      propertyPath: m_Name
      value: Wire Red
      objectReference: {fileID: 0}
    - target: {fileID: 4782772074629222954, guid: a8d742e52818e4942896a3b727436949,
        type: 3}
      propertyPath: m_IsActive
      value: 0
      objectReference: {fileID: 0}
    - target: {fileID: 5374588513705425056, guid: a8d742e52818e4942896a3b727436949,
        type: 3}
      propertyPath: m_SortingOrder
      value: 0
      objectReference: {fileID: 0}
    - target: {fileID: 6424403059613398935, guid: a8d742e52818e4942896a3b727436949,
        type: 3}
      propertyPath: m_SortingOrder
      value: 2
      objectReference: {fileID: 0}
    - target: {fileID: 6424403059613398935, guid: a8d742e52818e4942896a3b727436949,
        type: 3}
      propertyPath: m_Color.r
      value: 0.6784314
      objectReference: {fileID: 0}
    - target: {fileID: 6424403059613398935, guid: a8d742e52818e4942896a3b727436949,
        type: 3}
      propertyPath: m_Color.g
      value: 0
      objectReference: {fileID: 0}
    - target: {fileID: 6424403059613398935, guid: a8d742e52818e4942896a3b727436949,
        type: 3}
      propertyPath: m_Color.b
      value: 0
      objectReference: {fileID: 0}
    - target: {fileID: 6919213802626044289, guid: a8d742e52818e4942896a3b727436949,
        type: 3}
      propertyPath: m_LocalPosition.x
      value: -0.1
      objectReference: {fileID: 0}
    - target: {fileID: 7376790810525578876, guid: a8d742e52818e4942896a3b727436949,
        type: 3}
      propertyPath: m_SortingOrder
      value: 1
      objectReference: {fileID: 0}
    - target: {fileID: 7376790810525578876, guid: a8d742e52818e4942896a3b727436949,
        type: 3}
      propertyPath: m_Color.r
      value: 0.6784314
      objectReference: {fileID: 0}
    - target: {fileID: 7376790810525578876, guid: a8d742e52818e4942896a3b727436949,
        type: 3}
      propertyPath: m_Color.g
      value: 0
      objectReference: {fileID: 0}
    - target: {fileID: 7376790810525578876, guid: a8d742e52818e4942896a3b727436949,
        type: 3}
      propertyPath: m_Color.b
      value: 0
      objectReference: {fileID: 0}
    - target: {fileID: 7376790810525578876, guid: a8d742e52818e4942896a3b727436949,
        type: 3}
      propertyPath: m_SpriteSortPoint
      value: 0
      objectReference: {fileID: 0}
    m_RemovedComponents:
    - {fileID: 4261876868894298743, guid: a8d742e52818e4942896a3b727436949, type: 3}
  m_SourcePrefab: {fileID: 100100000, guid: a8d742e52818e4942896a3b727436949, type: 3}
--- !u!1 &6944295123281250106 stripped
GameObject:
  m_CorrespondingSourceObject: {fileID: 4782772074629222954, guid: a8d742e52818e4942896a3b727436949,
    type: 3}
  m_PrefabInstance: {fileID: 2450176191899292944}
  m_PrefabAsset: {fileID: 0}
--- !u!1 &4335635906621573810 stripped
GameObject:
  m_CorrespondingSourceObject: {fileID: 2173975973100085154, guid: a8d742e52818e4942896a3b727436949,
    type: 3}
  m_PrefabInstance: {fileID: 2450176191899292944}
  m_PrefabAsset: {fileID: 0}
--- !u!4 &459140088523615696 stripped
Transform:
  m_CorrespondingSourceObject: {fileID: 2621085334583228608, guid: a8d742e52818e4942896a3b727436949,
    type: 3}
  m_PrefabInstance: {fileID: 2450176191899292944}
  m_PrefabAsset: {fileID: 0}
--- !u!1001 &2450176192087732101
PrefabInstance:
  m_ObjectHideFlags: 0
  serializedVersion: 2
  m_Modification:
    m_TransformParent: {fileID: 2450176192063277023}
    m_Modifications:
    - target: {fileID: 1826445638547894174, guid: a8d742e52818e4942896a3b727436949,
        type: 3}
      propertyPath: m_SortingOrder
      value: 3
      objectReference: {fileID: 0}
    - target: {fileID: 2621085334583228608, guid: a8d742e52818e4942896a3b727436949,
        type: 3}
      propertyPath: m_LocalPosition.x
      value: -2.82
      objectReference: {fileID: 0}
    - target: {fileID: 2621085334583228608, guid: a8d742e52818e4942896a3b727436949,
        type: 3}
      propertyPath: m_LocalPosition.y
      value: -0.71
      objectReference: {fileID: 0}
    - target: {fileID: 2621085334583228608, guid: a8d742e52818e4942896a3b727436949,
        type: 3}
      propertyPath: m_LocalPosition.z
      value: 0
      objectReference: {fileID: 0}
    - target: {fileID: 2621085334583228608, guid: a8d742e52818e4942896a3b727436949,
        type: 3}
      propertyPath: m_LocalRotation.x
      value: -0
      objectReference: {fileID: 0}
    - target: {fileID: 2621085334583228608, guid: a8d742e52818e4942896a3b727436949,
        type: 3}
      propertyPath: m_LocalRotation.y
      value: -0
      objectReference: {fileID: 0}
    - target: {fileID: 2621085334583228608, guid: a8d742e52818e4942896a3b727436949,
        type: 3}
      propertyPath: m_LocalRotation.z
      value: -0
      objectReference: {fileID: 0}
    - target: {fileID: 2621085334583228608, guid: a8d742e52818e4942896a3b727436949,
        type: 3}
      propertyPath: m_LocalRotation.w
      value: 1
      objectReference: {fileID: 0}
    - target: {fileID: 2621085334583228608, guid: a8d742e52818e4942896a3b727436949,
        type: 3}
      propertyPath: m_RootOrder
      value: 3
      objectReference: {fileID: 0}
    - target: {fileID: 2621085334583228608, guid: a8d742e52818e4942896a3b727436949,
        type: 3}
      propertyPath: m_LocalEulerAnglesHint.x
      value: 0
      objectReference: {fileID: 0}
    - target: {fileID: 2621085334583228608, guid: a8d742e52818e4942896a3b727436949,
        type: 3}
      propertyPath: m_LocalEulerAnglesHint.y
      value: 0
      objectReference: {fileID: 0}
    - target: {fileID: 2621085334583228608, guid: a8d742e52818e4942896a3b727436949,
        type: 3}
      propertyPath: m_LocalEulerAnglesHint.z
      value: 0
      objectReference: {fileID: 0}
    - target: {fileID: 4261876868894298743, guid: a8d742e52818e4942896a3b727436949,
        type: 3}
      propertyPath: camera
      value: 
      objectReference: {fileID: 0}
    - target: {fileID: 4647174205062078846, guid: a8d742e52818e4942896a3b727436949,
        type: 3}
      propertyPath: m_Name
      value: Wire Blue
      objectReference: {fileID: 0}
    - target: {fileID: 6424403059613398935, guid: a8d742e52818e4942896a3b727436949,
        type: 3}
      propertyPath: m_SortingOrder
      value: 2
      objectReference: {fileID: 0}
    - target: {fileID: 6424403059613398935, guid: a8d742e52818e4942896a3b727436949,
        type: 3}
      propertyPath: m_Color.r
      value: 0
      objectReference: {fileID: 0}
    - target: {fileID: 6424403059613398935, guid: a8d742e52818e4942896a3b727436949,
        type: 3}
      propertyPath: m_Color.g
      value: 0.02970777
      objectReference: {fileID: 0}
    - target: {fileID: 6424403059613398935, guid: a8d742e52818e4942896a3b727436949,
        type: 3}
      propertyPath: m_Color.b
      value: 0.6886792
      objectReference: {fileID: 0}
    - target: {fileID: 7376790810525578876, guid: a8d742e52818e4942896a3b727436949,
        type: 3}
      propertyPath: m_SortingOrder
      value: 1
      objectReference: {fileID: 0}
    - target: {fileID: 7376790810525578876, guid: a8d742e52818e4942896a3b727436949,
        type: 3}
      propertyPath: m_Color.r
      value: 0
      objectReference: {fileID: 0}
    - target: {fileID: 7376790810525578876, guid: a8d742e52818e4942896a3b727436949,
        type: 3}
      propertyPath: m_Color.g
      value: 0.02970777
      objectReference: {fileID: 0}
    - target: {fileID: 7376790810525578876, guid: a8d742e52818e4942896a3b727436949,
        type: 3}
      propertyPath: m_Color.b
      value: 0.6886792
      objectReference: {fileID: 0}
    m_RemovedComponents: []
  m_SourcePrefab: {fileID: 100100000, guid: a8d742e52818e4942896a3b727436949, type: 3}
--- !u!212 &8874579223045625874 stripped
SpriteRenderer:
  m_CorrespondingSourceObject: {fileID: 6424403059613398935, guid: a8d742e52818e4942896a3b727436949,
    type: 3}
  m_PrefabInstance: {fileID: 2450176192087732101}
  m_PrefabAsset: {fileID: 0}
--- !u!1 &4335635906533748775 stripped
GameObject:
  m_CorrespondingSourceObject: {fileID: 2173975973100085154, guid: a8d742e52818e4942896a3b727436949,
    type: 3}
  m_PrefabInstance: {fileID: 2450176192087732101}
  m_PrefabAsset: {fileID: 0}
--- !u!4 &459140088603055941 stripped
Transform:
  m_CorrespondingSourceObject: {fileID: 2621085334583228608, guid: a8d742e52818e4942896a3b727436949,
    type: 3}
  m_PrefabInstance: {fileID: 2450176192087732101}
  m_PrefabAsset: {fileID: 0}
--- !u!1001 &4715398476868042601
PrefabInstance:
  m_ObjectHideFlags: 0
  serializedVersion: 2
  m_Modification:
    m_TransformParent: {fileID: 2450176192063277023}
    m_Modifications:
    - target: {fileID: 2621085334583228608, guid: a8d742e52818e4942896a3b727436949,
        type: 3}
      propertyPath: m_LocalPosition.x
      value: -2.82
      objectReference: {fileID: 0}
    - target: {fileID: 2621085334583228608, guid: a8d742e52818e4942896a3b727436949,
        type: 3}
      propertyPath: m_LocalPosition.y
      value: 2.471
      objectReference: {fileID: 0}
    - target: {fileID: 2621085334583228608, guid: a8d742e52818e4942896a3b727436949,
        type: 3}
      propertyPath: m_LocalPosition.z
      value: 0
      objectReference: {fileID: 0}
    - target: {fileID: 2621085334583228608, guid: a8d742e52818e4942896a3b727436949,
        type: 3}
      propertyPath: m_LocalRotation.x
      value: -0
      objectReference: {fileID: 0}
    - target: {fileID: 2621085334583228608, guid: a8d742e52818e4942896a3b727436949,
        type: 3}
      propertyPath: m_LocalRotation.y
      value: -0
      objectReference: {fileID: 0}
    - target: {fileID: 2621085334583228608, guid: a8d742e52818e4942896a3b727436949,
        type: 3}
      propertyPath: m_LocalRotation.z
      value: -0
      objectReference: {fileID: 0}
    - target: {fileID: 2621085334583228608, guid: a8d742e52818e4942896a3b727436949,
        type: 3}
      propertyPath: m_LocalRotation.w
      value: 1
      objectReference: {fileID: 0}
    - target: {fileID: 2621085334583228608, guid: a8d742e52818e4942896a3b727436949,
        type: 3}
      propertyPath: m_RootOrder
      value: 0
      objectReference: {fileID: 0}
    - target: {fileID: 2621085334583228608, guid: a8d742e52818e4942896a3b727436949,
        type: 3}
      propertyPath: m_LocalEulerAnglesHint.x
      value: 0
      objectReference: {fileID: 0}
    - target: {fileID: 2621085334583228608, guid: a8d742e52818e4942896a3b727436949,
        type: 3}
      propertyPath: m_LocalEulerAnglesHint.y
      value: 0
      objectReference: {fileID: 0}
    - target: {fileID: 2621085334583228608, guid: a8d742e52818e4942896a3b727436949,
        type: 3}
      propertyPath: m_LocalEulerAnglesHint.z
      value: 0
      objectReference: {fileID: 0}
    - target: {fileID: 4647174205062078846, guid: a8d742e52818e4942896a3b727436949,
        type: 3}
      propertyPath: m_Name
      value: Wire Red
      objectReference: {fileID: 0}
    - target: {fileID: 6424403059613398935, guid: a8d742e52818e4942896a3b727436949,
        type: 3}
      propertyPath: m_Color.r
      value: 0.6792453
      objectReference: {fileID: 0}
    - target: {fileID: 6424403059613398935, guid: a8d742e52818e4942896a3b727436949,
        type: 3}
      propertyPath: m_Color.g
      value: 0
      objectReference: {fileID: 0}
    - target: {fileID: 6424403059613398935, guid: a8d742e52818e4942896a3b727436949,
        type: 3}
      propertyPath: m_Color.b
      value: 0
      objectReference: {fileID: 0}
    - target: {fileID: 6424403059613398935, guid: a8d742e52818e4942896a3b727436949,
        type: 3}
      propertyPath: m_SortingOrder
      value: 2
      objectReference: {fileID: 0}
    - target: {fileID: 7376790810525578876, guid: a8d742e52818e4942896a3b727436949,
        type: 3}
      propertyPath: m_SortingOrder
      value: 1
      objectReference: {fileID: 0}
    - target: {fileID: 7376790810525578876, guid: a8d742e52818e4942896a3b727436949,
        type: 3}
      propertyPath: m_Color.r
      value: 0.6792453
      objectReference: {fileID: 0}
    - target: {fileID: 7376790810525578876, guid: a8d742e52818e4942896a3b727436949,
        type: 3}
      propertyPath: m_Color.g
      value: 0
      objectReference: {fileID: 0}
    - target: {fileID: 7376790810525578876, guid: a8d742e52818e4942896a3b727436949,
        type: 3}
      propertyPath: m_Color.b
      value: 0
      objectReference: {fileID: 0}
    m_RemovedComponents: []
  m_SourcePrefab: {fileID: 100100000, guid: a8d742e52818e4942896a3b727436949, type: 3}
--- !u!212 &1754263539361728766 stripped
SpriteRenderer:
  m_CorrespondingSourceObject: {fileID: 6424403059613398935, guid: a8d742e52818e4942896a3b727436949,
    type: 3}
  m_PrefabInstance: {fileID: 4715398476868042601}
  m_PrefabAsset: {fileID: 0}
--- !u!1 &6871356477508837579 stripped
GameObject:
  m_CorrespondingSourceObject: {fileID: 2173975973100085154, guid: a8d742e52818e4942896a3b727436949,
    type: 3}
  m_PrefabInstance: {fileID: 4715398476868042601}
  m_PrefabAsset: {fileID: 0}
--- !u!4 &7291190185724905385 stripped
Transform:
  m_CorrespondingSourceObject: {fileID: 2621085334583228608, guid: a8d742e52818e4942896a3b727436949,
    type: 3}
  m_PrefabInstance: {fileID: 4715398476868042601}
  m_PrefabAsset: {fileID: 0}
